@online{Wikipedia1,
    author = {Wikipedia},
    title = {Cross-origin resource sharing mechanism https://en.wikipedia.org/wiki/Cross-origin\_resource\_sharing},
    url = {https://en.wikipedia.org/wiki/Cross-origin_resource_sharing}
}

@online{Wikipedia2,
    author = {Wikipedia},
    title = {bcrypt hashing function https://en.wikipedia.org/wiki/Bcrypt},
    url = {https://en.wikipedia.org/wiki/Bcrypt}
}

@online{JWT,
    author = {JWT},
    title = {Introduction to JSON Web Tokens https://jwt.io/introduction},
    url = {https://jwt.io/introduction}
}

@online{MongoDB,
    author = {MongoDB Docs},
    title = {MongoDB Documentation https://www.mongodb.com/docs},
    url = {https://www.mongodb.com/docs}
}

@online{Kubernetes,
    author = {Kubernetes Docs},
    title = {Kubernetes Documentation https://kubernetes.io/docs/home},
    url = {https://kubernetes.io/docs/home}
}

@online{Express,
    author = {Express Docs},
    title = {Express Documentation https://expressjs.com/en/api.html},
    url = {https://expressjs.com/en/api.html}
}

@online{Next,
    author = {Next.js Docs},
    title = {Next.js Documentation https://nextjs.org/docs},
    url = {https://nextjs.org/docs}
}